
@ARTICLE{2015CQGra..32g4001L,
   author = {{LIGO Scientific Collaboration} and {Aasi}, J. and {Abbott}, B.~P. and 
	{Abbott}, R. and {Abbott}, T. and {Abernathy}, M.~R. and {Ackley}, K. and 
	{Adams}, C. and {Adams}, T. and {Addesso}, P. and et al.},
    title = "{Advanced LIGO}",
  journal = {Classical and Quantum Gravity},
archivePrefix = "arXiv",
   eprint = {1411.4547},
 primaryClass = "gr-qc",
     year = 2015,
    month = apr,
   volume = 32,
   number = 7,
      eid = {074001},
    pages = {074001},
      doi = {10.1088/0264-9381/32/7/074001},
   adsurl = {http://adsabs.harvard.edu/abs/2015CQGra..32g4001L},
  adsnote = {Provided by the SAO/NASA Astrophysics Data System}
}


@ARTICLE{1978JPhE...11..710E,
   author = {{Edelstein}, W.~A. and {Hough}, J. and {Pugh}, J.~R. and {Martin}, W.
	},
    title = "{Limits to the measurement of displacement in an interferometric gravitational radiation detector}",
  journal = {Journal of Physics E Scientific Instruments},
 keywords = {Displacement Measurement, Gravitational Wave Antennas, Interferometry, Radiation Detectors, Gravitational Waves, Michelson Interferometers, Photons, Radiation Pressure},
     year = 1978,
    month = jul,
   volume = 11,
    pages = {710},
      doi = {10.1088/0022-3735/11/7/030},
   adsurl = {http://adsabs.harvard.edu/abs/1978JPhE...11..710E},
  adsnote = {Provided by the SAO/NASA Astrophysics Data System}
}

@ARTICLE{2011LRR....14....5P,
   author = {{Pitkin}, M. and {Reid}, S. and {Rowan}, S. and {Hough}, J.},
    title = "{Gravitational Wave Detection by Interferometry (Ground and Space)}",
  journal = {Living Reviews in Relativity},
archivePrefix = "arXiv",
   eprint = {1102.3355},
 primaryClass = "astro-ph.IM",
 keywords = {Noise sources, Laser interferometry, Data analysis, Gravitational wave detectors, Interferometric gravitational wave detectors, Science runs, Gravitational waves},
     year = 2011,
    month = jul,
   volume = 14,
      doi = {10.12942/lrr-2011-5},
   adsurl = {http://adsabs.harvard.edu/abs/2011LRR....14....5P},
  adsnote = {Provided by the SAO/NASA Astrophysics Data System}
}

