
@ARTICLE{2009LRR....12....2S,
   author = {{Sathyaprakash}, B.~S. and {Schutz}, B.~F.},
    title = "{Physics, Astrophysics and Cosmology with Gravitational Waves}",
  journal = {Living Reviews in Relativity},
archivePrefix = "arXiv",
   eprint = {0903.0338},
 primaryClass = "gr-qc",
 keywords = {Gravitational waves, Gravitational wave sources, Gravitational wave detectors, Data analysis},
     year = 2009,
    month = mar,
   volume = 12,
      doi = {10.12942/lrr-2009-2},
   adsurl = {http://adsabs.harvard.edu/abs/2009LRR....12....2S},
  adsnote = {Provided by the SAO/NASA Astrophysics Data System}
}


@ARTICLE{2015CQGra..32g4001L,
   author = {{LIGO Scientific Collaboration} and {Aasi}, J. and {Abbott}, B.~P. and 
	{Abbott}, R. and {Abbott}, T. and {Abernathy}, M.~R. and {Ackley}, K. and 
	{Adams}, C. and {Adams}, T. and {Addesso}, P. and et al.},
    title = "{Advanced LIGO}",
  journal = {Classical and Quantum Gravity},
archivePrefix = "arXiv",
   eprint = {1411.4547},
 primaryClass = "gr-qc",
     year = 2015,
    month = apr,
   volume = 32,
   number = 7,
      eid = {074001},
    pages = {074001},
      doi = {10.1088/0264-9381/32/7/074001},
   adsurl = {http://adsabs.harvard.edu/abs/2015CQGra..32g4001L},
  adsnote = {Provided by the SAO/NASA Astrophysics Data System}
}


@ARTICLE{2013arXiv1304.0670T,
   author = {{The LIGO Scientific Collaboration} and {the Virgo Collaboration} and 
	{Abbott}, B.~P. and {Abbott}, R. and {Abbott}, T.~D. and {Abernathy}, M.~R. and 
	{Acernese}, F. and {Ackley}, K. and {Adams}, C. and {Adams}, T. and et al.},
    title = "{Prospects for Observing and Localizing Gravitational-Wave Transients with Advanced LIGO and Advanced Virgo}",
  journal = {ArXiv e-prints},
archivePrefix = "arXiv",
   eprint = {1304.0670},
 primaryClass = "gr-qc",
 keywords = {General Relativity and Quantum Cosmology, Astrophysics - High Energy Astrophysical Phenomena},
     year = 2013,
    month = apr,
   adsurl = {http://adsabs.harvard.edu/abs/2013arXiv1304.0670T},
  adsnote = {Provided by the SAO/NASA Astrophysics Data System}
}

@ARTICLE{2015CQGra..32b4001A,
   author = {{Acernese}, F. and {Agathos}, M. and {Agatsuma}, K. and {Aisa}, D. and 
	{Allemandou}, N. and {Allocca}, A. and {Amarni}, J. and {Astone}, P. and 
	{Balestri}, G. and {Ballardin}, G. and et al.},
    title = "{Advanced Virgo: a second-generation interferometric gravitational wave detector}",
  journal = {Classical and Quantum Gravity},
archivePrefix = "arXiv",
   eprint = {1408.3978},
 primaryClass = "gr-qc",
     year = 2015,
    month = jan,
   volume = 32,
   number = 2,
      eid = {024001},
    pages = {024001},
      doi = {10.1088/0264-9381/32/2/024001},
   adsurl = {http://adsabs.harvard.edu/abs/2015CQGra..32b4001A},
  adsnote = {Provided by the SAO/NASA Astrophysics Data System}
}


@ARTICLE{2009RPPh...72g6901A,
   author = {{Abbott}, B.~P. and {Abbott}, R. and {Adhikari}, R. and {Ajith}, P. and 
	{Allen}, B. and {Allen}, G. and {Amin}, R.~S. and {Anderson}, S.~B. and 
	{Anderson}, W.~G. and {Arain}, M.~A. and et al.},
    title = "{LIGO: the Laser Interferometer Gravitational-Wave Observatory}",
  journal = {Reports on Progress in Physics},
archivePrefix = "arXiv",
   eprint = {0711.3041},
 primaryClass = "gr-qc",
     year = 2009,
    month = jul,
   volume = 72,
   number = 7,
      eid = {076901},
    pages = {076901},
      doi = {10.1088/0034-4885/72/7/076901},
   adsurl = {http://adsabs.harvard.edu/abs/2009RPPh...72g6901A},
  adsnote = {Provided by the SAO/NASA Astrophysics Data System}
}


@ARTICLE{1990NIMPA.289..518B,
   author = {{Bradaschia}, C. and {Del Fabbro}, R. and {Di Virgilio}, A. and 
	{Giazotto}, A. and {Kautzky}, H. and {Montelatici}, V. and {Passuello}, D. and 
	{Brillet}, A. and {Cregut}, O. and {Hello}, P. and {Man}, C.~N. and 
	{Manh}, P.~T. and {Marraud}, A. and {Shoemaker}, D. and {Vinet}, J.~Y. and 
	{Barone}, F. and {Di Fiore}, L. and {Milano}, L. and {Russo}, G. and 
	{Aguirregabiria}, J.~M. and {Bel}, H. and {Duruisseau}, J.~P. and 
	{Le Denmat}, G. and {Tourrenc}, P. and {Capozzi}, M. and {Longo}, M. and 
	{Lops}, M. and {Pinto}, I. and {Rotoli}, G. and {Damour}, T. and 
	{Bonazzola}, S. and {Marck}, J.~A. and {Gourghoulon}, Y. and 
	{Holloway}, L.~E. and {Fuligni}, F. and {Iafolla}, V. and {Natale}, G.
	},
    title = "{The VIRGO Project: A wide band antenna for gravitational wave detection}",
  journal = {Nuclear Instruments and Methods in Physics Research A},
     year = 1990,
    month = apr,
   volume = 289,
    pages = {518-525},
      doi = {10.1016/0168-9002(90)91525-G},
   adsurl = {http://adsabs.harvard.edu/abs/1990NIMPA.289..518B},
  adsnote = {Provided by the SAO/NASA Astrophysics Data System}
}


@ARTICLE{2014ApJ...785..119A,
   author = {{Aasi}, J. and {Abadie}, J. and {Abbott}, B.~P. and {Abbott}, R. and 
	{Abbott}, T. and {Abernathy}, M.~R. and {Accadia}, T. and {Acernese}, F. and 
	{Adams}, C. and {Adams}, T. and et al.},
    title = "{Gravitational Waves from Known Pulsars: Results from the Initial Detector Era}",
  journal = {\apj},
archivePrefix = "arXiv",
   eprint = {1309.4027},
 primaryClass = "astro-ph.HE",
 keywords = {gravitational waves, pulsars: general},
     year = 2014,
    month = apr,
   volume = 785,
      eid = {119},
    pages = {119},
      doi = {10.1088/0004-637X/785/2/119},
   adsurl = {http://adsabs.harvard.edu/abs/2014ApJ...785..119A},
  adsnote = {Provided by the SAO/NASA Astrophysics Data System}
}

@ARTICLE{1975ApJ...195L..51H,
   author = {{Hulse}, R.~A. and {Taylor}, J.~H.},
    title = "{Discovery of a pulsar in a binary system}",
  journal = {\apjl},
 keywords = {Binary Stars, Orbital Elements, Pulsars, Relativistic Effects, Black Holes (Astronomy), Companion Stars, Eccentric Orbits, Mass Ratios, Neutron Stars, Radial Velocity, Velocity Distribution},
     year = 1975,
    month = jan,
   volume = 195,
    pages = {L51-L53},
      doi = {10.1086/181708},
   adsurl = {http://adsabs.harvard.edu/abs/1975ApJ...195L..51H},
  adsnote = {Provided by the SAO/NASA Astrophysics Data System}
}


@INPROCEEDINGS{2005ASPC..328...25W,
   author = {{Weisberg}, J.~M. and {Taylor}, J.~H.},
    title = "{The Relativistic Binary Pulsar B1913+16: Thirty Years of Observations and Analysis}",
booktitle = {Binary Radio Pulsars},
     year = 2005,
   series = {Astronomical Society of the Pacific Conference Series},
   volume = 328,
   eprint = {astro-ph/0407149},
   editor = {{Rasio}, F.~A. and {Stairs}, I.~H.},
    month = jul,
    pages = {25},
   adsurl = {http://adsabs.harvard.edu/abs/2005ASPC..328...25W},
  adsnote = {Provided by the SAO/NASA Astrophysics Data System}
}

@ARTICLE{2012PhRvD..85h2002A,
   author = {{Abadie}, J. and {Abbott}, B.~P. and {Abbott}, R. and {Abbott}, T.~D. and 
	{Abernathy}, M. and {Accadia}, T. and {Acernese}, F. and {Adams}, C. and 
	{Adhikari}, R. and {Affeldt}, C. and et al.},
    title = "{Search for gravitational waves from low mass compact binary coalescence in LIGO's sixth science run and Virgo's science runs 2 and 3}",
  journal = {\prd},
archivePrefix = "arXiv",
   eprint = {1111.7314},
 primaryClass = "gr-qc",
 keywords = {Wave generation and sources, Experimental tests of gravitational theories},
     year = 2012,
    month = apr,
   volume = 85,
   number = 8,
      eid = {082002},
    pages = {082002},
      doi = {10.1103/PhysRevD.85.082002},
   adsurl = {http://adsabs.harvard.edu/abs/2012PhRvD..85h2002A},
  adsnote = {Provided by the SAO/NASA Astrophysics Data System}
}

@ARTICLE{2012CQGra..29l4016A,
   author = {{Amaro-Seoane}, P. and {Aoudia}, S. and {Babak}, S. and {Bin{\'e}truy}, P. and 
	{Berti}, E. and {Boh{\'e}}, A. and {Caprini}, C. and {Colpi}, M. and 
	{Cornish}, N.~J. and {Danzmann}, K. and {Dufaux}, J.-F. and 
	{Gair}, J. and {Jennrich}, O. and {Jetzer}, P. and {Klein}, A. and 
	{Lang}, R.~N. and {Lobo}, A. and {Littenberg}, T. and {McWilliams}, S.~T. and 
	{Nelemans}, G. and {Petiteau}, A. and {Porter}, E.~K. and {Schutz}, B.~F. and 
	{Sesana}, A. and {Stebbins}, R. and {Sumner}, T. and {Vallisneri}, M. and 
	{Vitale}, S. and {Volonteri}, M. and {Ward}, H.},
    title = "{Low-frequency gravitational-wave science with eLISA/NGO}",
  journal = {Classical and Quantum Gravity},
archivePrefix = "arXiv",
   eprint = {1202.0839},
 primaryClass = "gr-qc",
     year = 2012,
    month = jun,
   volume = 29,
   number = 12,
      eid = {124016},
    pages = {124016},
      doi = {10.1088/0264-9381/29/12/124016},
   adsurl = {http://adsabs.harvard.edu/abs/2012CQGra..29l4016A},
  adsnote = {Provided by the SAO/NASA Astrophysics Data System}
}

@ARTICLE{2013GWN.....6....4A,
   author = {{Amaro-Seoane}, P. and {Aoudia}, S. and {Babak}, S. and {Bin{\'e}truy}, P. and 
	{Berti}, E. and {Boh{\'e}}, A. and {Caprini}, C. and {Colpi}, M. and 
	{Cornish}, N.~J. and {Danzmann}, K. and {Dufaux}, J.-F. and 
	{Gair}, J. and {Hinder}, I. and {Jennrich}, O. and {Jetzer}, P. and 
	{Klein}, A. and {Lang}, R.~N. and {Lobo}, A. and {Littenberg}, T. and 
	{McWilliams}, S.~T. and {Nelemans}, G. and {Petiteau}, A. and 
	{Porter}, E.~K. and {Schutz}, B.~F. and {Sesana}, A. and {Stebbins}, R. and 
	{Sumner}, T. and {Vallisneri}, M. and {Vitale}, S. and {Volonteri}, M. and 
	{Ward}, H. and {Wardell}, B.},
    title = "{eLISA: Astrophysics and cosmology in the millihertz regime}",
  journal = {GW Notes, Vol.~6, p.~4-110},
archivePrefix = "arXiv",
   eprint = {1201.3621},
 primaryClass = "astro-ph.CO",
 keywords = {Astrophysics - Cosmology and Extragalactic Astrophysics, Astrophysics - Galaxy Astrophysics, General Relativity and Quantum Cosmology, black holes, gravitational waves},
     year = 2013,
    month = may,
   volume = 6,
    pages = {4-110},
   adsurl = {http://adsabs.harvard.edu/abs/2013GWN.....6....4A},
  adsnote = {Provided by the SAO/NASA Astrophysics Data System}
}

@ARTICLE{2014PhRvL.112x1101B,
   author = {{BICEP2 Collaboration} and {Ade}, P.~A.~R. and {Aikin}, R.~W. and 
	{Barkats}, D. and {Benton}, S.~J. and {Bischoff}, C.~A. and 
	{Bock}, J.~J. and {Brevik}, J.~A. and {Buder}, I. and {Bullock}, E. and 
	{Dowell}, C.~D. and {Duband}, L. and {Filippini}, J.~P. and 
	{Fliescher}, S. and {Golwala}, S.~R. and {Halpern}, M. and {Hasselfield}, M. and 
	{Hildebrandt}, S.~R. and {Hilton}, G.~C. and {Hristov}, V.~V. and 
	{Irwin}, K.~D. and {Karkare}, K.~S. and {Kaufman}, J.~P. and 
	{Keating}, B.~G. and {Kernasovskiy}, S.~A. and {Kovac}, J.~M. and 
	{Kuo}, C.~L. and {Leitch}, E.~M. and {Lueker}, M. and {Mason}, P. and 
	{Netterfield}, C.~B. and {Nguyen}, H.~T. and {O'Brient}, R. and 
	{Ogburn}, R.~W. and {Orlando}, A. and {Pryke}, C. and {Reintsema}, C.~D. and 
	{Richter}, S. and {Schwarz}, R. and {Sheehy}, C.~D. and {Staniszewski}, Z.~K. and 
	{Sudiwala}, R.~V. and {Teply}, G.~P. and {Tolan}, J.~E. and 
	{Turner}, A.~D. and {Vieregg}, A.~G. and {Wong}, C.~L. and {Yoon}, K.~W.
	},
    title = "{Detection of B-Mode Polarization at Degree Angular Scales by BICEP2}",
  journal = {Physical Review Letters},
archivePrefix = "arXiv",
   eprint = {1403.3985},
 keywords = {Background radiations, Gravitational wave detectors and experiments, Radio microwave, Observational cosmology},
     year = 2014,
    month = jun,
   volume = 112,
   number = 24,
      eid = {241101},
    pages = {241101},
      doi = {10.1103/PhysRevLett.112.241101},
   adsurl = {http://adsabs.harvard.edu/abs/2014PhRvL.112x1101B},
  adsnote = {Provided by the SAO/NASA Astrophysics Data System}
}

