@BOOK{mtw,
       author = {{Misner}, Charles W. and {Thorne}, Kip S. and {Wheeler}, John Archibald},
        title = "{Gravitation}",
    booktitle = {Gravitation, by Charles W. Misner, Kip S. Thorne, and John Archibald
        Wheeler. ISBN: 978-0-691-17779-3. Princeton NJ: Princeton
        University Press, 2017.},
         year = 2017,
       adsurl = {https://ui.adsabs.harvard.edu/#abs/2017grav.book.....M},
      adsnote = {Provided by the SAO/NASA Astrophysics Data System}
}
@BOOK{geonsblackholes,
       author = {{Wheeler}, John Archibald and {Ford}, Kenneth},
        title = "{Geons, black holes and quantum foam : a life in physics}",
    booktitle = {Geons, black holes and quantum foam : a life in physics. Publisher: New
        York, NY: Norton, 1998. ISBN: 0393046427},
         year = 1998,
       adsurl = {https://ui.adsabs.harvard.edu/#abs/1998gbhq.book.....W},
      adsnote = {Provided by the SAO/NASA Astrophysics Data System}
}