@article{tresp2000bayesian,
  title={A Bayesian committee machine},
  author={Tresp, Volker},
  journal={Neural computation},
  volume={12},
  number={11},
  pages={2719--2741},
  year={2000},
  publisher={MIT Press}
}

@inproceedings{shen2005fast,
  title={Fast Gaussian Process Regression using KD-Trees},
  author={Shen, Yirong and Ng, Andrew Y and Seeger, Matthias},
  booktitle={Proceedings of the 18th International Conference on Neural Information Processing Systems},
  pages={1225--1232},
  year={2005},
  organization={MIT Press}
}
@article{Jacobs:1991:AML:1351011.1351018,
 author = {Jacobs, Robert A. and Jordan, Michael I. and Nowlan, Steven J. and Hinton, Geoffrey E.},
 title = {Adaptive Mixtures of Local Experts},
 journal = {Neural Comput.},
 issue_date = {Spring 1991},
 volume = {3},
 number = {1},
 month = mar,
 year = {1991},
 issn = {0899-7667},
 pages = {79--87},
 numpages = {9},
 url = {http://dx.doi.org/10.1162/neco.1991.3.1.79},
 doi = {10.1162/neco.1991.3.1.79},
 acmid = {1351018},
 publisher = {MIT Press},
 address = {Cambridge, MA, USA},
} 
@inproceedings{rasmussen2002infinite,
  title={Infinite Mixtures of Gaussian Process Experts},
  author={Rasmussen, Carl E and Ghahramani, Zoubin},
  booktitle={Advances in Neural Information Processing Systems},
  pages={881--888},
  year={2002}
}
@inproceedings{meeds2006alternative,
  title={An Alternative Infinite Mixture Of Gaussian Process Experts},
  author={Meeds, Edward and Osindero, Simon},
  booktitle={Advances in Neural Information Processing Systems},
  pages={883--890},
  year={2006}
}
@inproceedings{yuan2009variational,
  title={Variational mixture of Gaussian process experts},
  author={Yuan, Chao and Neubauer, Claus},
  booktitle={Advances in Neural Information Processing Systems},
  pages={1897--1904},
  year={2009}
}

@ARTICLE{2014arXiv1412.3078N,
   author = {{Ng}, J.~W. and {Deisenroth}, M.~P.},
    title = "{Hierarchical Mixture-of-Experts Model for Large-Scale Gaussian Process Regression}",
  journal = {ArXiv e-prints},
archivePrefix = "arXiv",
   eprint = {1412.3078},
 primaryClass = "stat.ML",
 keywords = {Statistics - Machine Learning, Computer Science - Artificial Intelligence, Computer Science - Learning, Statistics - Computation},
     year = 2014,
    month = dec,
   adsurl = {http://adsabs.harvard.edu/abs/2014arXiv1412.3078N},
  adsnote = {Provided by the SAO/NASA Astrophysics Data System}
}

@ARTICLE{2014arXiv1410.7827C,
   author = {{Cao}, Y. and {Fleet}, D.~J.},
    title = "{Generalized Product of Experts for Automatic and Principled Fusion of Gaussian Process Predictions}",
  journal = {ArXiv e-prints},
archivePrefix = "arXiv",
   eprint = {1410.7827},
 primaryClass = "cs.LG",
 keywords = {Computer Science - Learning, Computer Science - Artificial Intelligence, Statistics - Machine Learning},
     year = 2014,
    month = oct,
   adsurl = {http://adsabs.harvard.edu/abs/2014arXiv1410.7827C},
  adsnote = {Provided by the SAO/NASA Astrophysics Data System}
}
@inproceedings{deisenroth2015distributed,
  title={Distributed Gaussian Processes.},
  author={Deisenroth, Marc Peter and Ng, Jun Wei},
  booktitle={ICML},
  pages={1481--1490},
  year={2015}
}
