@ARTICLE{2016PhRvL.116f1102A,
   author = {{Abbott}, B.~P. and {Abbott}, R. and {Abbott}, T.~D. and {Abernathy}, M.~R. and 
	{Acernese}, F. and {Ackley}, K. and {Adams}, C. and {Adams}, T. and 
	{Addesso}, P. and {Adhikari}, R.~X. and et al.},
    title = "{Observation of Gravitational Waves from a Binary Black Hole Merger}",
  journal = {Physical Review Letters},
archivePrefix = "arXiv",
   eprint = {1602.03837},
 primaryClass = "gr-qc",
     year = 2016,
    month = feb,
   volume = 116,
   number = 6,
      eid = {061102},
    pages = {061102},
      doi = {10.1103/PhysRevLett.116.061102},
   adsurl = {http://adsabs.harvard.edu/abs/2016PhRvL.116f1102A},
  adsnote = {Provided by the SAO/NASA Astrophysics Data System}
}

@ARTICLE{2016arXiv160203843T,
   author = {{The LIGO Scientific Collaboration} and {the Virgo Collaboration}
	},
    title = "{Observing gravitational-wave transient GW150914 with minimal assumptions}",
  journal = {ArXiv e-prints},
archivePrefix = "arXiv",
   eprint = {1602.03843},
 primaryClass = "gr-qc",
 keywords = {General Relativity and Quantum Cosmology, Astrophysics - High Energy Astrophysical Phenomena, Astrophysics - Instrumentation and Methods for Astrophysics},
     year = 2016,
    month = feb,
   adsurl = {http://adsabs.harvard.edu/abs/2016arXiv160203843T},
  adsnote = {Provided by the SAO/NASA Astrophysics Data System}
}

@ARTICLE{2016PhRvL.116m1103A,
   author = {{Abbott}, B.~P. and {Abbott}, R. and {Abbott}, T.~D. and {Abernathy}, M.~R. and 
	{Acernese}, F. and {Ackley}, K. and {Adams}, C. and {Adams}, T. and 
	{Addesso}, P. and {Adhikari}, R.~X. and et al.},
    title = "{GW150914: The Advanced LIGO Detectors in the Era of First Discoveries}",
  journal = {Physical Review Letters},
     year = 2016,
    month = apr,
   volume = 116,
   number = 13,
      eid = {131103},
    pages = {131103},
      doi = {10.1103/PhysRevLett.116.131103},
   adsurl = {http://adsabs.harvard.edu/abs/2016PhRvL.116m1103A},
  adsnote = {Provided by the SAO/NASA Astrophysics Data System}
}

@ARTICLE{2016PhRvL.116m1102A,
   author = {{Abbott}, B.~P. and {Abbott}, R. and {Abbott}, T.~D. and {Abernathy}, M.~R. and 
	{Acernese}, F. and {Ackley}, K. and {Adams}, C. and {Adams}, T. and 
	{Addesso}, P. and {Adhikari}, R.~X. and et al.},
    title = "{GW150914: Implications for the Stochastic Gravitational-Wave Background from Binary Black Holes}",
  journal = {Physical Review Letters},
     year = 2016,
    month = apr,
   volume = 116,
   number = 13,
      eid = {131102},
    pages = {131102},
      doi = {10.1103/PhysRevLett.116.131102},
   adsurl = {http://adsabs.harvard.edu/abs/2016PhRvL.116m1102A},
  adsnote = {Provided by the SAO/NASA Astrophysics Data System}
}

@ARTICLE{2016arXiv160400439T,
   author = {{The LIGO Scientific Collaboration} and {Martynov}, D.~V. and 
	{Hall}, E.~D. and {Abbott}, B.~P. and {Abbott}, R. and {Abbott}, T.~D. and 
	{Abernathy}, M.~R. and {Ackley}, K. and {Adams}, C. and {Addesso}, P. and et al.},
    title = "{The Sensitivity of the Advanced LIGO Detectors at the Beginning of Gravitational Wave Astronomy}",
  journal = {ArXiv e-prints},
archivePrefix = "arXiv",
   eprint = {1604.00439},
 primaryClass = "astro-ph.IM",
 keywords = {Astrophysics - Instrumentation and Methods for Astrophysics, Physics - Instrumentation and Detectors},
     year = 2016,
    month = apr,
   adsurl = {http://adsabs.harvard.edu/abs/2016arXiv160400439T},
  adsnote = {Provided by the SAO/NASA Astrophysics Data System}
}

@ARTICLE{2016arXiv160208492A,
   author = {{Abbott}, B.~P. and {Abbott}, R. and {Abbott}, T.~D. and {Abernathy}, M.~R. and 
	{Acernese}, F. and {Ackley}, K. and {Adams}, C. and {Adams}, T. and 
	{Addesso}, P. and {Adhikari}, R.~X. and et al.},
    title = "{Localization and broadband follow-up of the gravitational-wave transient GW150914}",
  journal = {ArXiv e-prints},
archivePrefix = "arXiv",
   eprint = {1602.08492},
 primaryClass = "astro-ph.HE",
 keywords = {Astrophysics - High Energy Astrophysical Phenomena, General Relativity and Quantum Cosmology},
     year = 2016,
    month = feb,
   adsurl = {http://adsabs.harvard.edu/abs/2016arXiv160208492A},
  adsnote = {Provided by the SAO/NASA Astrophysics Data System}
}

@ARTICLE{2016arXiv160205411A,
   author = {{ANTARES Collaboration} and {IceCube Collaboration} and {LIGO Scientific Collaboration} and 
	{Virgo Collaboration} and {Adri{\'a}n-Mart{\'{\i}}nez}, S. and 
	{Albert}, A. and {Andr{\'e}}, M. and {Anton}, G. and {Ardid}, M. and 
	{Aubert}, J.-J. and et al.},
    title = "{High-energy Neutrino follow-up search of Gravitational Wave Event GW150914 with ANTARES and IceCube}",
  journal = {ArXiv e-prints},
archivePrefix = "arXiv",
   eprint = {1602.05411},
 primaryClass = "astro-ph.HE",
 keywords = {Astrophysics - High Energy Astrophysical Phenomena},
     year = 2016,
    month = feb,
   adsurl = {http://adsabs.harvard.edu/abs/2016arXiv160205411A},
  adsnote = {Provided by the SAO/NASA Astrophysics Data System}
}

@ARTICLE{2016arXiv160203845T,
   author = {{The LIGO Scientific Collaboration} and {Abbott}, B.~P.},
    title = "{Calibration of the Advanced LIGO detectors for the discovery of the binary black-hole merger GW150914}",
  journal = {ArXiv e-prints},
archivePrefix = "arXiv",
   eprint = {1602.03845},
 primaryClass = "gr-qc",
 keywords = {General Relativity and Quantum Cosmology, Astrophysics - Instrumentation and Methods for Astrophysics, Physics - Instrumentation and Detectors},
     year = 2016,
    month = feb,
   adsurl = {http://adsabs.harvard.edu/abs/2016arXiv160203845T},
  adsnote = {Provided by the SAO/NASA Astrophysics Data System}
}

@ARTICLE{2016arXiv160203844T,
   author = {{The LIGO Scientific Collaboration} and {the Virgo Collaboration}
	},
    title = "{Characterization of transient noise in Advanced LIGO relevant to gravitational wave signal GW150914}",
  journal = {ArXiv e-prints},
archivePrefix = "arXiv",
   eprint = {1602.03844},
 primaryClass = "gr-qc",
 keywords = {General Relativity and Quantum Cosmology, Astrophysics - High Energy Astrophysical Phenomena, Astrophysics - Instrumentation and Methods for Astrophysics, Physics - Instrumentation and Detectors},
     year = 2016,
    month = feb,
   adsurl = {http://adsabs.harvard.edu/abs/2016arXiv160203844T},
  adsnote = {Provided by the SAO/NASA Astrophysics Data System}
}

@ARTICLE{2016arXiv160203843T,
   author = {{The LIGO Scientific Collaboration} and {the Virgo Collaboration}
	},
    title = "{Observing gravitational-wave transient GW150914 with minimal assumptions}",
  journal = {ArXiv e-prints},
archivePrefix = "arXiv",
   eprint = {1602.03843},
 primaryClass = "gr-qc",
 keywords = {General Relativity and Quantum Cosmology, Astrophysics - High Energy Astrophysical Phenomena, Astrophysics - Instrumentation and Methods for Astrophysics},
     year = 2016,
    month = feb,
   adsurl = {http://adsabs.harvard.edu/abs/2016arXiv160203843T},
  adsnote = {Provided by the SAO/NASA Astrophysics Data System}
}

@ARTICLE{2016arXiv160203842A,
   author = {{Abbott}, B.~P. and {Abbott}, R. and {Abbott}, T.~D. and {Abernathy}, M.~R. and 
	{Acernese}, F. and {Ackley}, K. and {Adams}, C. and {Adams}, T. and 
	{Addesso}, P. and {Adhikari}, R.~X. and et al.},
    title = "{The Rate of Binary Black Hole Mergers Inferred from Advanced LIGO Observations Surrounding GW150914}",
  journal = {ArXiv e-prints},
archivePrefix = "arXiv",
   eprint = {1602.03842},
 primaryClass = "astro-ph.HE",
 keywords = {Astrophysics - High Energy Astrophysical Phenomena, General Relativity and Quantum Cosmology},
     year = 2016,
    month = feb,
   adsurl = {http://adsabs.harvard.edu/abs/2016arXiv160203842A},
  adsnote = {Provided by the SAO/NASA Astrophysics Data System}
}

@ARTICLE{2016arXiv160203841T,
   author = {{The LIGO Scientific Collaboration} and {the Virgo Collaboration}
	},
    title = "{Tests of general relativity with GW150914}",
  journal = {ArXiv e-prints},
archivePrefix = "arXiv",
   eprint = {1602.03841},
 primaryClass = "gr-qc",
 keywords = {General Relativity and Quantum Cosmology},
     year = 2016,
    month = feb,
   adsurl = {http://adsabs.harvard.edu/abs/2016arXiv160203841T},
  adsnote = {Provided by the SAO/NASA Astrophysics Data System}
}

@ARTICLE{2016arXiv160203840T,
   author = {{The LIGO Scientific Collaboration} and {the Virgo Collaboration}
	},
    title = "{Properties of the binary black hole merger GW150914}",
  journal = {ArXiv e-prints},
archivePrefix = "arXiv",
   eprint = {1602.03840},
 primaryClass = "gr-qc",
 keywords = {General Relativity and Quantum Cosmology, Astrophysics - High Energy Astrophysical Phenomena},
     year = 2016,
    month = feb,
   adsurl = {http://adsabs.harvard.edu/abs/2016arXiv160203840T},
  adsnote = {Provided by the SAO/NASA Astrophysics Data System}
}

@ARTICLE{2016arXiv160203839T,
   author = {{The LIGO Scientific Collaboration} and {the Virgo Collaboration} and 
	{Abbott}, B.~P. and {Abbott}, R. and {Abbott}, T.~D. and {Abernathy}, M.~R. and 
	{Acernese}, F. and {Ackley}, K. and {Adams}, C. and {Adams}, T. and et al.},
    title = "{GW150914: First results from the search for binary black hole coalescence with Advanced LIGO}",
  journal = {ArXiv e-prints},
archivePrefix = "arXiv",
   eprint = {1602.03839},
 primaryClass = "gr-qc",
 keywords = {General Relativity and Quantum Cosmology, Astrophysics - High Energy Astrophysical Phenomena, Astrophysics - Instrumentation and Methods for Astrophysics},
     year = 2016,
    month = feb,
   adsurl = {http://adsabs.harvard.edu/abs/2016arXiv160203839T},
  adsnote = {Provided by the SAO/NASA Astrophysics Data System}
}

@ARTICLE{2016arXiv160203838T,
   author = {{The LIGO Scientific Collaboration} and {The Virgo Collaboration}
	},
    title = "{GW150914: The Advanced LIGO Detectors in the Era of First Discoveries}",
  journal = {ArXiv e-prints},
archivePrefix = "arXiv",
   eprint = {1602.03838},
 primaryClass = "gr-qc",
 keywords = {General Relativity and Quantum Cosmology, Astrophysics - High Energy Astrophysical Phenomena, Astrophysics - Instrumentation and Methods for Astrophysics},
     year = 2016,
    month = feb,
   adsurl = {http://adsabs.harvard.edu/abs/2016arXiv160203838T},
  adsnote = {Provided by the SAO/NASA Astrophysics Data System}
}

@ARTICLE{2016ApJ...818L..22A,
   author = {{Abbott}, B.~P. and {Abbott}, R. and {Abbott}, T.~D. and {Abernathy}, M.~R. and 
	{Acernese}, F. and {Ackley}, K. and {Adams}, C. and {Adams}, T. and 
	{Addesso}, P. and {Adhikari}, R.~X. and et al.},
    title = "{Astrophysical Implications of the Binary Black Hole Merger GW150914}",
  journal = {\apjl},
archivePrefix = "arXiv",
   eprint = {1602.03846},
 primaryClass = "astro-ph.HE",
 keywords = {gravitational waves, stars: black holes, stars: massive},
     year = 2016,
    month = feb,
   volume = 818,
      eid = {L22},
    pages = {L22},
      doi = {10.3847/2041-8205/818/2/L22},
   adsurl = {http://adsabs.harvard.edu/abs/2016ApJ...818L..22A},
  adsnote = {Provided by the SAO/NASA Astrophysics Data System}
}


@ARTICLE{2016arXiv160204531B,
   author = {{Belczynski}, K. and {Holz}, D.~E. and {Bulik}, T. and {O'Shaughnessy}, R.
	},
    title = "{The origin and evolution of LIGO's first gravitational-wave source}",
  journal = {ArXiv e-prints},
archivePrefix = "arXiv",
   eprint = {1602.04531},
 primaryClass = "astro-ph.HE",
 keywords = {Astrophysics - High Energy Astrophysical Phenomena},
     year = 2016,
    month = feb,
   adsurl = {http://adsabs.harvard.edu/abs/2016arXiv160204531B},
  adsnote = {Provided by the SAO/NASA Astrophysics Data System}
}

@ARTICLE{2016arXiv160300464B,
   author = {{Bird}, S. and {Cholis}, I. and {Mu{\~n}oz}, J.~B. and {Ali-Ha{\"i}moud}, Y. and 
	{Kamionkowski}, M. and {Kovetz}, E.~D. and {Raccanelli}, A. and 
	{Riess}, A.~G.},
    title = "{Did LIGO detect dark matter?}",
  journal = {ArXiv e-prints},
archivePrefix = "arXiv",
   eprint = {1603.00464},
 keywords = {Astrophysics - Cosmology and Nongalactic Astrophysics, High Energy Physics - Phenomenology},
     year = 2016,
    month = mar,
   adsurl = {http://adsabs.harvard.edu/abs/2016arXiv160300464B},
  adsnote = {Provided by the SAO/NASA Astrophysics Data System}
}


@ARTICLE{2016arXiv160308338S,
   author = {{Sasaki}, M. and {Suyama}, T. and {Tanaka}, T. and {Yokoyama}, S.
	},
    title = "{Primordial black hole scenario for the gravitational wave event GW150914}",
  journal = {ArXiv e-prints},
archivePrefix = "arXiv",
   eprint = {1603.08338},
 keywords = {Astrophysics - Cosmology and Nongalactic Astrophysics, General Relativity and Quantum Cosmology},
     year = 2016,
    month = mar,
   adsurl = {http://adsabs.harvard.edu/abs/2016arXiv160308338S},
  adsnote = {Provided by the SAO/NASA Astrophysics Data System}
}

@ARTICLE{2016arXiv160407864A,
   author = {{Abbott}, B.~P. and {Abbott}, R. and {Abbott}, T.~D. and {Abernathy}, M.~R. and 
	{Acernese}, F. and {Ackley}, K. and {Adams}, C. and {Adams}, T. and 
	{Addesso}, P. and {Adhikari}, R.~X. and et al.},
    title = "{Supplement: Localization and broadband follow-up of the gravitational-wave transient GW150914}",
  journal = {ArXiv e-prints},
archivePrefix = "arXiv",
   eprint = {1604.07864},
 primaryClass = "astro-ph.HE",
 keywords = {Astrophysics - High Energy Astrophysical Phenomena, General Relativity and Quantum Cosmology},
     year = 2016,
    month = apr,
   adsurl = {http://adsabs.harvard.edu/abs/2016arXiv160407864A},
  adsnote = {Provided by the SAO/NASA Astrophysics Data System}
}


@ARTICLE{2016arXiv160203920C,
   author = {{Connaughton}, V. and {Burns}, E. and {Goldstein}, A. and {Briggs}, M.~S. and 
	{Zhang}, B.-B. and {Hui}, C.~M. and {Jenke}, P. and {Racusin}, J. and 
	{Wilson-Hodge}, C.~A. and {Bhat}, P.~N. and {Bissaldi}, E. and 
	{Cleveland}, W. and {Fitzpatrick}, G. and {Giles}, M.~M. and 
	{Gibby}, M.~H. and {Greiner}, J. and {von Kienlin}, A. and {Kippen}, R.~M. and 
	{McBreen}, S. and {Mailyan}, B. and {Meegan}, C.~A. and {Paciesas}, W.~S. and 
	{Preece}, R.~D. and {Roberts}, O. and {Sparke}, L. and {Stanbro}, M. and 
	{Toelge}, K. and {Veres}, P. and {Yu}, H.-F. and {authors}, o.
	},
    title = "{Fermi GBM Observations of LIGO Gravitational Wave event GW150914}",
  journal = {ArXiv e-prints},
archivePrefix = "arXiv",
   eprint = {1602.03920},
 primaryClass = "astro-ph.HE",
 keywords = {Astrophysics - High Energy Astrophysical Phenomena},
     year = 2016,
    month = feb,
   adsurl = {http://adsabs.harvard.edu/abs/2016arXiv160203920C},
  adsnote = {Provided by the SAO/NASA Astrophysics Data System}
}



@ARTICLE{2016ApJ...820L..36S,
   author = {{Savchenko}, V. and {Ferrigno}, C. and {Mereghetti}, S. and 
	{Natalucci}, L. and {Bazzano}, A. and {Bozzo}, E. and {Brandt}, S. and 
	{Courvoisier}, T.~J.-L. and {Diehl}, R. and {Hanlon}, L. and 
	{von Kienlin}, A. and {Kuulkers}, E. and {Laurent}, P. and {Lebrun}, F. and 
	{Roques}, J.~P. and {Ubertini}, P. and {Weidenspointner}, G.
	},
    title = "{INTEGRAL Upper Limits on Gamma-Ray Emission Associated with the Gravitational Wave Event GW150914}",
  journal = {\apjl},
archivePrefix = "arXiv",
   eprint = {1602.04180},
 primaryClass = "astro-ph.HE",
 keywords = {gamma-ray burst: general, gravitational waves},
     year = 2016,
    month = apr,
   volume = 820,
      eid = {L36},
    pages = {L36},
      doi = {10.3847/2041-8205/820/2/L36},
   adsurl = {http://adsabs.harvard.edu/abs/2016ApJ...820L..36S},
  adsnote = {Provided by the SAO/NASA Astrophysics Data System}
}


@ARTICLE{2016MNRAS.tmpL..45E,
   author = {{Evans}, P.~A. and {Kennea}, J.~A. and {Barthelmy}, S.~D. and 
	{Beardmore}, A.~P. and {Burrows}, D.~N. and {Campana}, S. and 
	{Cenko}, S.~B. and {Gehrels}, N. and {Giommi}, P. and {Gronwall}, C. and 
	{Marshall}, F.~E. and {Malesani}, D. and {Markwardt}, C.~B. and 
	{Mingo}, B. and {Nousek}, J.~A. and {O'Brien}, P.~T. and {Osborne}, J.~P. and 
	{Pagani}, C. and {Page}, K.~L. and {Palmer}, D.~M. and {Perri}, M. and 
	{Racusin}, J.~L. and {Siegel}, M.~H. and {Sbarufatti}, B. and 
	{Tagliaferri}, G.},
    title = "{Swift follow-up of the Gravitational Wave source GW150914}",
  journal = {\mnras},
archivePrefix = "arXiv",
   eprint = {1602.03868},
 primaryClass = "astro-ph.HE",
 keywords = {Gravitional Waves, Xrays: general, methods: data analysis},
     year = 2016,
    month = apr,
      doi = {10.1093/mnrasl/slw065},
   adsurl = {http://adsabs.harvard.edu/abs/2016MNRAS.tmpL..45E},
  adsnote = {Provided by the SAO/NASA Astrophysics Data System}
}

@ARTICLE{2016arXiv160204488F,
   author = {{Fermi-LAT collaboration}},
    title = "{Fermi-LAT Observations of the LIGO event GW150914}",
  journal = {ArXiv e-prints},
archivePrefix = "arXiv",
   eprint = {1602.04488},
 primaryClass = "astro-ph.HE",
 keywords = {Astrophysics - High Energy Astrophysical Phenomena},
     year = 2016,
    month = feb,
   adsurl = {http://adsabs.harvard.edu/abs/2016arXiv160204488F},
  adsnote = {Provided by the SAO/NASA Astrophysics Data System}
}


@ARTICLE{2016ApJ...819L..21L,
   author = {{Loeb}, A.},
    title = "{Electromagnetic Counterparts to Black Hole Mergers Detected by LIGO}",
  journal = {\apjl},
archivePrefix = "arXiv",
   eprint = {1602.04735},
 primaryClass = "astro-ph.HE",
 keywords = {gamma-ray burst: general, gravitational waves},
     year = 2016,
    month = mar,
   volume = 819,
      eid = {L21},
    pages = {L21},
      doi = {10.3847/2041-8205/819/2/L21},
   adsurl = {http://adsabs.harvard.edu/abs/2016ApJ...819L..21L},
  adsnote = {Provided by the SAO/NASA Astrophysics Data System}
}

@ARTICLE{2016arXiv160407132J,
   author = {{Janiuk}, A. and {Bejger}, M. and {Charzynski}, S. and {Sukova}, P.
	},
    title = "{On the gamma-ray burst -- gravitational wave association in GW150914}",
  journal = {ArXiv e-prints},
archivePrefix = "arXiv",
   eprint = {1604.07132},
 primaryClass = "astro-ph.HE",
 keywords = {Astrophysics - High Energy Astrophysical Phenomena},
     year = 2016,
    month = apr,
   adsurl = {http://adsabs.harvard.edu/abs/2016arXiv160407132J},
  adsnote = {Provided by the SAO/NASA Astrophysics Data System}
}

@ARTICLE{2017PhRvD..95d2003A,
   author = {{Abbott}, B.~P. and {Abbott}, R. and {Abbott}, T.~D. and {Abernathy}, M.~R. and 
	{Acernese}, F. and {Ackley}, K. and {Adams}, C. and {Adams}, T. and 
	{Addesso}, P. and {Adhikari}, R.~X. and et al.},
    title = "{All-sky search for short gravitational-wave bursts in the first Advanced LIGO run}",
  journal = {\prd},
archivePrefix = "arXiv",
   eprint = {1611.02972},
 primaryClass = "gr-qc",
     year = 2017,
    month = feb,
   volume = 95,
   number = 4,
      eid = {042003},
    pages = {042003},
      doi = {10.1103/PhysRevD.95.042003},
   adsurl = {http://adsabs.harvard.edu/abs/2017PhRvD..95d2003A},
  adsnote = {Provided by the SAO/NASA Astrophysics Data System}
}

@ARTICLE{2017arXiv170301076S,
   author = {{Schmidt}, P. and {Harry}, I.~W. and {Pfeiffer}, H.~P.},
    title = "{Numerical Relativity Injection Infrastructure}",
  journal = {ArXiv e-prints},
archivePrefix = "arXiv",
   eprint = {1703.01076},
 primaryClass = "gr-qc",
 keywords = {General Relativity and Quantum Cosmology},
     year = 2017,
    month = mar,
   adsurl = {http://adsabs.harvard.edu/abs/2017arXiv170301076S},
  adsnote = {Provided by the SAO/NASA Astrophysics Data System}
}

