@ARTICLE{1918SPAW.......154E,
   author = {{Einstein}, A.},
    title = "{{\"U}ber Gravitationswellen}",
  journal = {Sitzungsberichte der K{\"o}niglich Preu{\ss}ischen Akademie der Wissenschaften (Berlin), Seite 154-167.},
     year = 1918,
   adsurl = {http://adsabs.harvard.edu/abs/1918SPAW.......154E},
  adsnote = {Provided by the SAO/NASA Astrophysics Data System}
}

@ARTICLE{1937FrInJ.223...43E,
   author = {{Einstein}, A. and {Rosen}, N.},
    title = "{On Gravitational Waves}",
  journal = {Journal of The Franklin Institute},
     year = 1937,
    month = jan,
   volume = 223,
    pages = {43-54},
      doi = {10.1016/S0016-0032(37)90583-0},
   adsurl = {http://adsabs.harvard.edu/abs/1937FrInJ.223...43E},
  adsnote = {Provided by the SAO/NASA Astrophysics Data System}
}

@ARTICLE{1915SPAW.......844E,
   author = {{Einstein}, A.},
    title = "{Die Feldgleichungen der Gravitation}",
  journal = {Sitzungsberichte der K{\"o}niglich Preu{\ss}ischen Akademie der Wissenschaften (Berlin), Seite 844-847.},
     year = 1915,
   adsurl = {http://adsabs.harvard.edu/abs/1915SPAW.......844E},
  adsnote = {Provided by the SAO/NASA Astrophysics Data System}
}

