@ARTICLE{2015PhRvD..92l4013S,
   author = {{Seitenzahl}, I.~R. and {Herzog}, M. and {Ruiter}, A.~J. and 
	{Marquardt}, K. and {Ohlmann}, S.~T. and {R{\"o}pke}, F.~K.},
    title = "{Neutrino and gravitational wave signal of a delayed-detonation model of type Ia supernovae}",
  journal = {\prd},
archivePrefix = "arXiv",
   eprint = {1511.02542},
 primaryClass = "astro-ph.SR",
 keywords = {Wave generation and sources, Gravitational-wave astrophysics, Nuclear physics aspects of novae supernovae and other explosive environments, Supernovae},
     year = 2015,
    month = dec,
   volume = 92,
   number = 12,
      eid = {124013},
    pages = {124013},
      doi = {10.1103/PhysRevD.92.124013},
   adsurl = {http://adsabs.harvard.edu/abs/2015PhRvD..92l4013S},
  adsnote = {Provided by the SAO/NASA Astrophysics Data System}
}



@ARTICLE{2016PhRvD..93d2002G,
   author = {{Gossan}, S.~E. and {Sutton}, P. and {Stuver}, A. and {Zanolin}, M. and 
	{Gill}, K. and {Ott}, C.~D.},
    title = "{Observing gravitational waves from core-collapse supernovae in the advanced detector era}",
  journal = {\prd},
archivePrefix = "arXiv",
   eprint = {1511.02836},
 primaryClass = "astro-ph.HE",
     year = 2016,
    month = feb,
   volume = 93,
   number = 4,
      eid = {042002},
    pages = {042002},
      doi = {10.1103/PhysRevD.93.042002},
   adsurl = {http://adsabs.harvard.edu/abs/2016PhRvD..93d2002G},
  adsnote = {Provided by the SAO/NASA Astrophysics Data System}
}

@ARTICLE{2009CQGra..26f3001O,
   author = {{Ott}, C.~D},
    title = "{TOPICAL REVIEW:  The gravitational-wave signature of core-collapse supernovae}",
  journal = {Classical and Quantum Gravity},
archivePrefix = "arXiv",
   eprint = {0809.0695},
     year = 2009,
    month = mar,
   volume = 26,
   number = 6,
      eid = {063001},
    pages = {063001},
      doi = {10.1088/0264-9381/26/6/063001},
   adsurl = {http://adsabs.harvard.edu/abs/2009CQGra..26f3001O},
  adsnote = {Provided by the SAO/NASA Astrophysics Data System}
}

@ARTICLE{2009CQGra..26t4015O,
   author = {{Ott}, C.~D.},
    title = "{Probing the core-collapse supernova mechanism with gravitational waves}",
  journal = {Classical and Quantum Gravity},
archivePrefix = "arXiv",
   eprint = {0905.2797},
 primaryClass = "astro-ph.HE",
     year = 2009,
    month = oct,
   volume = 26,
   number = 20,
      eid = {204015},
    pages = {204015},
      doi = {10.1088/0264-9381/26/20/204015},
   adsurl = {http://adsabs.harvard.edu/abs/2009CQGra..26t4015O},
  adsnote = {Provided by the SAO/NASA Astrophysics Data System}
}

@ARTICLE{1966ApJ...145..514M,
   author = {{Meltzer}, D.~W. and {Thorne}, K.~S.},
    title = "{Normal Modes of Radial Pulsation of Stars at the End Point of Thermonuclear Evolution}",
  journal = {\apj},
     year = 1966,
    month = aug,
   volume = 145,
    pages = {514},
      doi = {10.1086/148792},
   adsurl = {http://adsabs.harvard.edu/abs/1966ApJ...145..514M},
  adsnote = {Provided by the SAO/NASA Astrophysics Data System}
}

@ARTICLE{1978ApJ...223.1037E,
   author = {{Epstein}, R.},
    title = "{The generation of gravitational radiation by escaping supernova neutrinos}",
  journal = {\apj},
 keywords = {Gravitation Theory, Gravitational Waves, Neutrinos, Supernovae, Wave Generation, Anisotropy, Einstein Equations, Energy Conservation, Gravitational Collapse, Quadrupoles, Wave Equations},
     year = 1978,
    month = aug,
   volume = 223,
    pages = {1037-1045},
      doi = {10.1086/156337},
   adsurl = {http://adsabs.harvard.edu/abs/1978ApJ...223.1037E},
  adsnote = {Provided by the SAO/NASA Astrophysics Data System}
}

@ARTICLE{1979ApJ...231Q.644E,
   author = {{Epstein}, R.},
    title = "{Erratum: ''The generation of gravitational radiation by escaping supernova neutrinos'' [Astrophys. J., Vol. 223, p. 1037 - 1045 (1978)].}",
  journal = {\apj},
 keywords = {Supernovae:Individual Supernovae},
     year = 1979,
    month = aug,
   volume = 231,
    pages = {644},
   adsurl = {http://adsabs.harvard.edu/abs/1979ApJ...231Q.644E},
  adsnote = {Provided by the SAO/NASA Astrophysics Data System}
}

@ARTICLE{1978Natur.274..565T,
   author = {{Turner}, M.~S.},
    title = "{Gravitational radiation from supernova neutrino bursts}",
  journal = {\nat},
 keywords = {Astronomical Models, Gravitational Waves, Neutrinos, Supernovae, Angular Distribution, Feynman Diagrams, Fourier Transformation, Minkowski Space, Particle Interactions, Riemann Manifold},
     year = 1978,
    month = aug,
   volume = 274,
    pages = {565},
      doi = {10.1038/274565a0},
   adsurl = {http://adsabs.harvard.edu/abs/1978Natur.274..565T},
  adsnote = {Provided by the SAO/NASA Astrophysics Data System}
}

@ARTICLE{2010A&A...514A..51S,
   author = {{Scheidegger}, S. and {K{\"a}ppeli}, R. and {Whitehouse}, S.~C. and 
	{Fischer}, T. and {Liebend{\"o}rfer}, M.},
    title = "{The influence of model parameters on the prediction of gravitational wave signals from stellar core collapse}",
  journal = {\aap},
archivePrefix = "arXiv",
   eprint = {1001.1570},
 primaryClass = "astro-ph.HE",
 keywords = {gravitational waves, supernovae: general, hydrodynamics, neutrinos, stars: rotation, stars: neutron},
     year = 2010,
    month = may,
   volume = 514,
      eid = {A51},
    pages = {A51},
      doi = {10.1051/0004-6361/200913220},
   adsurl = {http://adsabs.harvard.edu/abs/2010A%26A...514A..51S},
  adsnote = {Provided by the SAO/NASA Astrophysics Data System}
}

@ARTICLE{2008PhRvD..78f4056D,
   author = {{Dimmelmeier}, H. and {Ott}, C.~D. and {Marek}, A. and {Janka}, H.-T.
	},
    title = "{Gravitational wave burst signal from core collapse of rotating stars}",
  journal = {\prd},
archivePrefix = "arXiv",
   eprint = {0806.4953},
 keywords = {Numerical relativity, Finite-difference methods, Wave generation and sources, Supernovae},
     year = 2008,
    month = sep,
   volume = 78,
   number = 6,
      eid = {064056},
    pages = {064056},
      doi = {10.1103/PhysRevD.78.064056},
   adsurl = {http://adsabs.harvard.edu/abs/2008PhRvD..78f4056D},
  adsnote = {Provided by the SAO/NASA Astrophysics Data System}
}


@ARTICLE{2012A&A...537A..63M,
   author = {{M{\"u}ller}, E. and {Janka}, H.-T. and {Wongwathanarat}, A.
	},
    title = "{Parametrized 3D models of neutrino-driven supernova explosions. Neutrino emission asymmetries and gravitational-wave signals}",
  journal = {\aap},
archivePrefix = "arXiv",
   eprint = {1106.6301},
 primaryClass = "astro-ph.SR",
 keywords = {stars: neutron, hydrodynamics, neutrinos, stars: massive, supernovae: general, gravitational waves},
     year = 2012,
    month = jan,
   volume = 537,
      eid = {A63},
    pages = {A63},
      doi = {10.1051/0004-6361/201117611},
   adsurl = {http://adsabs.harvard.edu/abs/2012A%26A...537A..63M},
  adsnote = {Provided by the SAO/NASA Astrophysics Data System}
}

@ARTICLE{2013ApJ...768..115O,
   author = {{Ott}, C.~D. and {Abdikamalov}, E. and {M{\"o}sta}, P. and {Haas}, R. and 
	{Drasco}, S. and {O'Connor}, E.~P. and {Reisswig}, C. and {Meakin}, C.~A. and 
	{Schnetter}, E.},
    title = "{General-relativistic Simulations of Three-dimensional Core-collapse Supernovae}",
  journal = {\apj},
archivePrefix = "arXiv",
   eprint = {1210.6674},
 primaryClass = "astro-ph.HE",
 keywords = {gravitation, gravitational waves, hydrodynamics, neutrinos, supernovae: general},
     year = 2013,
    month = may,
   volume = 768,
      eid = {115},
    pages = {115},
      doi = {10.1088/0004-637X/768/2/115},
   adsurl = {http://adsabs.harvard.edu/abs/2013ApJ...768..115O},
  adsnote = {Provided by the SAO/NASA Astrophysics Data System}
}

@ARTICLE{2013MNRAS.429.1156S,
   author = {{Seitenzahl}, I.~R. and {Ciaraldi-Schoolmann}, F. and {R{\"o}pke}, F.~K. and 
	{Fink}, M. and {Hillebrandt}, W. and {Kromer}, M. and {Pakmor}, R. and 
	{Ruiter}, A.~J. and {Sim}, S.~A. and {Taubenberger}, S.},
    title = "{Three-dimensional delayed-detonation models with nucleosynthesis for Type Ia supernovae}",
  journal = {\mnras},
archivePrefix = "arXiv",
   eprint = {1211.3015},
 primaryClass = "astro-ph.SR",
 keywords = {nuclear reactions, nucleosynthesis, abundances, supernovae: general, white dwarfs},
     year = 2013,
    month = feb,
   volume = 429,
    pages = {1156-1172},
      doi = {10.1093/mnras/sts402},
   adsurl = {http://adsabs.harvard.edu/abs/2013MNRAS.429.1156S},
  adsnote = {Provided by the SAO/NASA Astrophysics Data System}
}

